@article{lohmann_attitude,
  author    = {Oliver Fritsch and
               Bernd Henze and
               Boris Lohmann},
  title     = {Fast and Saturating Attitude Control for a Quadrotor
               Helicopter},
  year      = {2013},
}

@article{tabuada_event_control,
    author = {Paulo Tabuada},
    title = {Event-Triggered Real-Time Scheduling of Stabilizing Control Tasks},
    year = {}
}
