@article{lohmann_attitude,
  author    = {Oliver Fritsch and
               Bernd Henze and
               Boris Lohmann},
  title     = {Fast and Saturating Attitude Control for a Quadrotor
               Helicopter},
  year      = {2013},
}

@article{tabuada_event_control,
    author = {Paulo Tabuada},
    title = {Event-Triggered Real-Time Scheduling of Stabilizing Control Tasks},
    year = {}
}

@misc{multi_rotor_antigo,
  title={Multiple rotor helicopter},
  author={Cyril, G.P.},
  url={http://www.google.com/patents/US2651480},
  year={1953},
  month=sep # "~8",
  publisher={Google Patents},
  note={US Patent 2,651,480}
}

@incollection{astrom,
year={2008},
isbn={978-3-540-74357-6},
booktitle={Analysis and Design of Nonlinear Control Systems},
editor={Astolfi, Alessandro and Marconi, Lorenzo},
doi={10.1007/978-3-540-74358-3_9},
title={Event Based Control},
url={http://dx.doi.org/10.1007/978-3-540-74358-3_9},
publisher={Springer Berlin Heidelberg},
author={Astr{\"o}m, Karl J.},
pages={127-147},
language={English}
}

@ARTICLE{rigid_attitude_control, 
author={Chaturvedi, N.A. and Sanyal, A.K. and McClamroch, N.H.}, 
journal={Control Systems, IEEE}, 
title={Rigid-Body Attitude Control}, 
year={2011}, 
month={June}, 
volume={31}, 
number={3}, 
pages={30-51}, 
keywords={attitude control;feedback;matrix algebra;open loop systems;set theory;shear modulus;aerospace application;arbitrary attitude maneuvers;attitude stabilization;continuous feedback control;open loop attitude control maneuver;orthogonal matrices;rigid body attitude control;rigid-body rotational motion;Aerospace electronics;Angular velocity;Asymptotic stability;Attitude control;Orbits;Quaternions;Trajectory}, 
doi={10.1109/MCS.2011.940459}, 
ISSN={1066-033X},}

@article{vijay_quad_modelling,
  added-at = {2012-09-19T00:00:00.000+0200},
  author = {Mahony, Robert E. and Kumar, Vijay and Corke, Peter},
  biburl = {http://www.bibsonomy.org/bibtex/272666d30eb4a4554e2e7108f0f19b201/dblp},
  ee = {http://dx.doi.org/10.1109/MRA.2012.2206474},
  interhash = {d0ad6ae0356d9fb0d1e68af56a8d3fbc},
  intrahash = {72666d30eb4a4554e2e7108f0f19b201},
  journal = {IEEE Robot. Automat. Mag.},
  keywords = {dblp},
  number = 3,
  pages = {20-32},
  timestamp = {2012-09-19T00:00:00.000+0200},
  title = {Multirotor Aerial Vehicles: Modeling, Estimation, and Control of Quadrotor.},
  url = {http://dblp.uni-trier.de/db/journals/ram/ram19.html#MahonyKC12},
  volume = 19,
  year = 2012
}

@ARTICLE{survey_attitude,
   author = {{Shuster}, M.~D.},
    title = "{Survey of attitude representations}",
  journal = {Journal of the Astronautical Sciences},
 keywords = {Attitude Control, Flight Mechanics, Kinematic Equations, Satellite Orientation, Satellite Rotation, Covariance, Errors, Kinematics, Transformations (Mathematics)},
     year = 1993,
    month = oct,
   volume = 41,
    pages = {439-517},
   adsurl = {http://adsabs.harvard.edu/abs/1993JAnSc..41..439S},
  adsnote = {Provided by the SAO/NASA Astrophysics Data System}
}


